@misc{MyRef,
  author = {Hello},
  year = {2021},
  title = {SDU Industry},
}
